@article{planetlab,
 author = {Chun, Brent and Culler, David and Roscoe, Timothy and Bavier, Andy and Peterson, Larry and Wawrzoniak, Mike and Bowman, Mic},
 title = {PlanetLab: an overlay testbed for broad-coverage services},
 journal = {SIGCOMM Comput. Commun. Rev.},
 issue_date = {July 2003},
 volume = {33},
 number = {3},
 month = jul,
 year = {2003},
 issn = {0146-4833},
 pages = {3--12},
 numpages = {10},
 url = {http://doi.acm.org/10.1145/956993.956995},
 doi = {10.1145/956993.956995},
 acmid = {956995},
 publisher = {ACM},
 address = {New York, NY, USA}
} 
